@MISC{opencl,
  author="The Khronos OpenCL Working Group",
  title="OpenCL - The open standard for parallel programming of heterogeneous systems.",
  year = "2014",
  howpublished="\url{http://www.khronos.org/opencl}",
}